@article{HasanhodzicLV11,
  author       = {Hasanhodzic, Jasmina and Lo, Andrew W. and Viola, Emanuele},
  publisher    = {Routledge},
  url          = {https://doi.org/10.1080/14697688.2010.541487},
  year         = {2011},
  doi          = {10.1080/14697688.2010.541487},
  eprint       = {0908.4580},
  journal      = {Quantitative Finance},
  number       = {7},
  pages        = {1043--1050},
  title        = {A computational view of market efficiency},
  volume       = {11},
}

@article{Fama70,
  author       = {Fama, Eugene F.},
  publisher    = {[American Finance Association, Wiley]},
  year         = {1970},
  doi          = {10.2307/2325486},
  issn         = {00221082, 15406261},
  journal      = {The Journal of Finance},
  number       = {2},
  pages        = {383--417},
  title        = {Efficient Capital Markets: A Review of Theory and Empirical Work},
  volume       = {25},
}

